@article{CCHM,
  title = {Cubical Type Theory: A Constructive Interpretation of the Univalence Axiom},
  author = {Cyril Cohen and Thierry Coquand and Simon Huber and Anders M\"ortberg},
  year = 2015,
  journal = {FLAP},
  volume = 4,
  pages = {3127--3170}
}
@article{CHM,
  title = {On Higher Inductive Types in Cubical Type Theory},
  author = {Coquand, Thierry and Huber, Simon and M\"{o}rtberg, Anders},
  year = 2018,
  journal = {Proceedings of the 33rd Annual ACM/IEEE Symposium on Logic in Computer Science - LICS '18},
  publisher = {ACM Press},
  doi = {10.1145/3209108.3209197},
  isbn = 9781450355834,
  url = {https://dx.doi.org/10.1145/3209108.3209197}
}
